@InProceedings{orso05may,
	author = "Alessandro Orso and Bryan Kennedy",
	title = "{Selective Capture and Replay of Program Executions}",
	booktitle = "Proceedings of the Third International ICSE Workshop on Dynamic Analysis (WODA 2005)",
	pages = "29--35",
	address = "St. Louis, MO, USA",
	month = "may",
	year = "2005",
	OPTnote = "\url{http://www.csd.uwo.ca/woda2005/proceedings.html}"
}

@TechReport{orso06,
author = {Shrinivas Joshi and Alessandro Orso},
title = {Capture and Replay of User Executions to Improve Software Quality},
institution = {Georgia Institute of Technology},
year = {2006}
}


@inproceedings{jrapture,
 author = {John Steven and Pravir Chandra and Bob Fleck and Andy Podgurski},
 title = {jRapture: A Capture/Replay tool for observation-based testing},
 booktitle = {ISSTA '00: Proceedings of the 2000 ACM SIGSOFT international symposium on Software testing and analysis},
 year = {2000},
 isbn = {1-58113-266-2},
 pages = {158--167},
 location = {Portland, Oregon, United States},
 doi = {http://doi.acm.org/10.1145/347324.348993},
 publisher = {ACM Press},
 address = {New York, NY, USA},
 }

@inproceedings{dejavu,
 author = {Jong-Deok Choi and Harini Srinivasan},
 title = {Deterministic replay of Java multithreaded applications},
 booktitle = {SPDT '98: Proceedings of the SIGMETRICS symposium on Parallel and distributed tools},
 year = {1998},
 isbn = {1-58113-001-5},
 pages = {48--59},
 location = {Welches, Oregon, United States},
 doi = {http://doi.acm.org/10.1145/281035.281041},
 publisher = {ACM Press},
 address = {New York, NY, USA},
 }

@misc{estudiotools,
title = "Eiffel Studio Tools",
author = "Bernd Schoeller, Andreas Leitner, Patrick Ruckstuhl",
howpublished = "\url{http://se.inf.ethz.ch/people/leitner/}"
}

@misc{gobo,
title = "Gobo Eiffel Tools and Libraries",
author = "Eric Bezault and Others",
howpublished = "\url{http://www.gobosoft.com/}"
}


@misc{erlg,
title = "Erl-G Eiffel Reflection Library Generator",
author = "Andreas Leitner",
howpublished = "\url{http://se.inf.ethz.ch/people/leitner/erl_g/}"
}

@misc{abbot,
title = "Abbot Java GUI Test Framework",
howpublished = "\url{http://sourceforge.net/projects/abbot}"
}

